<record><leader>00000cas a2200000Ia 4500</leader><controlfield tag="001">34609172</controlfield><controlfield tag="008">960422d19491956azuer ne      0   a0eng d</controlfield><datafield ind1=" " ind2=" " tag="010"><subfield code="a">sn 96060835 </subfield></datafield><datafield ind1=" " ind2=" " tag="040"><subfield code="a">AZS</subfield><subfield code="b">eng</subfield><subfield code="c">AZS</subfield><subfield code="d">ANN</subfield><subfield code="d">OCL</subfield><subfield code="d">OCLCQ</subfield><subfield code="d">OCLCG</subfield><subfield code="d">OCLCQ</subfield><subfield code="d">OCLCA</subfield><subfield code="d">OCLCF</subfield><subfield code="d">OCLCO</subfield></datafield><datafield ind1=" " ind2=" " tag="043"><subfield code="a">n-us-az</subfield></datafield><datafield ind1=" " ind2=" " tag="090"><subfield code="a">TX1107.2.A6</subfield><subfield code="b">A66x</subfield></datafield><datafield ind1="0" ind2="0" tag="245"><subfield code="a">Arizona trailer folks :</subfield><subfield code="b">modern pioneers still building the Southwest.</subfield></datafield><datafield ind1=" " ind2=" " tag="260"><subfield code="a">Phoenix [Ariz.] :</subfield><subfield code="b">Arizona Trailer Publications,</subfield><subfield code="c">1949-1956.</subfield></datafield><datafield ind1=" " ind2=" " tag="300"><subfield code="a">v. :</subfield><subfield code="b">ill. ;</subfield><subfield code="c">43 cm.</subfield></datafield><datafield ind1=" " ind2=" " tag="310"><subfield code="a">Biweekly,</subfield><subfield code="b">Sept. 1955-May 8, 1956</subfield></datafield><datafield ind1=" " ind2=" " tag="321"><subfield code="a">Weekly (except monthly in summer),</subfield><subfield code="b">&lt;1950&gt;-Apr. 1955</subfield></datafield><datafield ind1="0" ind2=" " tag="362"><subfield code="a">-v. 8, no. 2 (May 8, 1956).</subfield></datafield><datafield ind1="1" ind2=" " tag="362"><subfield code="a">Began Aug. 1949.</subfield></datafield><datafield ind1=" " ind2=" " tag="500"><subfield code="a">Editor: Ruth C. Kaseman.</subfield></datafield><datafield ind1=" " ind2=" " tag="500"><subfield code="a">Includes section: Tucson trailer folks, &lt;1953&gt;-1956.</subfield></datafield><datafield ind1=" " ind2=" " tag="515"><subfield code="a">No summer issues 1955-1956.</subfield></datafield><datafield ind1=" " ind2=" " tag="588"><subfield code="a">Description based on: Vol. 5, no. 3 (Dec. 26, 1950).</subfield></datafield><datafield ind1=" " ind2="0" tag="650"><subfield code="a">Mobile home living</subfield><subfield code="z">Arizona</subfield><subfield code="v">Newspapers.</subfield></datafield><datafield ind1=" " ind2="0" tag="650"><subfield code="a">Mobile home parks</subfield><subfield code="z">Arizona</subfield><subfield code="v">Newspapers.</subfield></datafield><datafield ind1=" " ind2="0" tag="650"><subfield code="a">Recreational vehicle living</subfield><subfield code="z">Arizona</subfield><subfield code="v">Newspapers.</subfield></datafield><datafield ind1=" " ind2="0" tag="651"><subfield code="a">Arizona</subfield><subfield code="x">Description and travel</subfield><subfield code="v">Newspapers.</subfield></datafield><datafield ind1=" " ind2="0" tag="651"><subfield code="a">Phoenix (Ariz.)</subfield><subfield code="v">Newspapers.</subfield></datafield><datafield ind1=" " ind2="7" tag="655"><subfield code="a">Newspapers.</subfield><subfield code="2">fast</subfield><subfield code="0">(OCoLC)fst01423814</subfield></datafield><datafield ind1=" " ind2="7" tag="650"><subfield code="a">Mobile home living.</subfield><subfield code="2">fast</subfield><subfield code="0">(OCoLC)fst01024233</subfield></datafield><datafield ind1=" " ind2="7" tag="650"><subfield code="a">Mobile home parks.</subfield><subfield code="2">fast</subfield><subfield code="0">(OCoLC)fst01024236</subfield></datafield><datafield ind1=" " ind2="7" tag="650"><subfield code="a">Recreational vehicle living.</subfield><subfield code="2">fast</subfield><subfield code="0">(OCoLC)fst01091916</subfield></datafield><datafield ind1=" " ind2="7" tag="650"><subfield code="a">Travel.</subfield><subfield code="2">fast</subfield><subfield code="0">(OCoLC)fst01155558</subfield></datafield><datafield ind1=" " ind2="7" tag="651"><subfield code="a">Arizona.</subfield><subfield code="2">fast</subfield><subfield code="0">(OCoLC)fst01204820</subfield></datafield><datafield ind1=" " ind2="7" tag="651"><subfield code="a">Arizona</subfield><subfield code="z">Phoenix.</subfield><subfield code="2">fast</subfield><subfield code="0">(OCoLC)fst01213753</subfield></datafield><datafield ind1="1" ind2=" " tag="700"><subfield code="a">Kaseman, Ruth C.,</subfield><subfield code="d">-1994.</subfield></datafield><datafield ind1=" " ind2=" " tag="752"><subfield code="a">United States</subfield><subfield code="b">Arizona</subfield><subfield code="c">Maricopa</subfield><subfield code="d">Phoenix.</subfield></datafield><datafield ind1="0" ind2="0" tag="780"><subfield code="t">Arizona trailer life</subfield></datafield><datafield ind1="0" ind2="0" tag="785"><subfield code="t">Arizona mobile citizen</subfield><subfield code="x">0004-1564</subfield><subfield code="w">(DLC)sn 85007943</subfield><subfield code="w">(OCoLC)11543172</subfield></datafield></record>